@online{latex-template,
  title     = {thd-template},
  author    = {Robin Prillwitz},
  date      = {2022-07-16},
  url       = {https://github.com/playduck/thd-template},
  urldate   = {2022-07-16},
  note      = {Inoffizielle \LaTeX\ Bachelor-Vorlage f√ºr die \textit{THD}}
}

@online{exampleImage,
  title     = {Green Grass on Forest},
  author    = {Rudolf Jakkel},
  date      = {2017-03-20},
  url       = {https://www.pexels.com/photo/green-grass-on-forest-418831/},
  urldate   = {2022-07-01}
}
